<record><leader>00000cas a22000007a 4500</leader><controlfield tag="001">29831450</controlfield><controlfield tag="008">940217d18uu1uuucaudn ne      0    0eng d</controlfield><datafield ind1=" " ind2=" " tag="010"><subfield code="a">sn 93052224 </subfield></datafield><datafield ind1=" " ind2=" " tag="040"><subfield code="a">CUY</subfield><subfield code="b">eng</subfield><subfield code="c">CNK</subfield><subfield code="d">OCL</subfield><subfield code="d">OCLCQ</subfield><subfield code="d">OCLCF</subfield><subfield code="d">OCLCO</subfield></datafield><datafield ind1=" " ind2=" " tag="042"><subfield code="a">msc</subfield></datafield><datafield ind1=" " ind2=" " tag="043"><subfield code="a">n-us-ca</subfield></datafield><datafield ind1="0" ind2="4" tag="245"><subfield code="a">The Daily morning telegram.</subfield></datafield><datafield ind1="3" ind2="0" tag="246"><subfield code="a">Daily telegram</subfield></datafield><datafield ind1="1" ind2="7" tag="246"><subfield code="a">Oakland daily telegram</subfield></datafield><datafield ind1="1" ind2="7" tag="246"><subfield code="a">Oakland telegram</subfield></datafield><datafield ind1=" " ind2=" " tag="260"><subfield code="a">Oakland, Cal. :</subfield><subfield code="b">Telegram Pub. Co.</subfield></datafield><datafield ind1=" " ind2=" " tag="300"><subfield code="a">v.</subfield></datafield><datafield ind1=" " ind2=" " tag="310"><subfield code="a">Daily (except Sun.)</subfield></datafield><datafield ind1=" " ind2=" " tag="500"><subfield code="a">"Morning" appears above masthead ornament.</subfield></datafield><datafield ind1=" " ind2=" " tag="588"><subfield code="a">Description based on: Vol. 13, no. 26 (June 1, 1897).</subfield></datafield><datafield ind1=" " ind2="0" tag="651"><subfield code="a">Oakland (Calif.)</subfield><subfield code="v">Newspapers.</subfield></datafield><datafield ind1=" " ind2="7" tag="655"><subfield code="a">Newspapers.</subfield><subfield code="2">fast</subfield><subfield code="0">(OCoLC)fst01423814</subfield></datafield><datafield ind1=" " ind2="7" tag="651"><subfield code="a">California</subfield><subfield code="z">Oakland.</subfield><subfield code="2">fast</subfield><subfield code="0">(OCoLC)fst01206605</subfield></datafield><datafield ind1=" " ind2=" " tag="752"><subfield code="a">United States</subfield><subfield code="b">California</subfield><subfield code="c">Alameda</subfield><subfield code="d">Oakland.</subfield></datafield></record>